<record><leader>00000cas a2200000Ia 4500</leader><controlfield tag="001">28000048</controlfield><controlfield tag="008">930428d19871997vauwr ne      0    0eng d</controlfield><datafield ind1=" " ind2=" " tag="010"><subfield code="a">sn 97066004 </subfield></datafield><datafield ind1=" " ind2=" " tag="040"><subfield code="a">TWG</subfield><subfield code="b">eng</subfield><subfield code="c">TWG</subfield><subfield code="d">NVK</subfield><subfield code="d">OCLCQ</subfield><subfield code="d">OCLCF</subfield><subfield code="d">OCLCO</subfield></datafield><datafield ind1=" " ind2=" " tag="037"><subfield code="b">Denbigh gazette, 12829 Jefferson Ave., Newport News, Va. 23602</subfield></datafield><datafield ind1=" " ind2=" " tag="043"><subfield code="a">n-us-va</subfield></datafield><datafield ind1="0" ind2=" " tag="130"><subfield code="a">Denbigh gazette (Newport News, Va. : 1987)</subfield></datafield><datafield ind1="1" ind2="0" tag="245"><subfield code="a">Denbigh gazette.</subfield></datafield><datafield ind1=" " ind2=" " tag="260"><subfield code="a">Newport News, Va. :</subfield><subfield code="b">Denbigh Gazette,</subfield><subfield code="c">1987-1997.</subfield></datafield><datafield ind1=" " ind2=" " tag="300"><subfield code="a">v. :</subfield><subfield code="b">ill. ;</subfield><subfield code="c">44 cm.</subfield></datafield><datafield ind1=" " ind2=" " tag="310"><subfield code="a">Weekly</subfield></datafield><datafield ind1="1" ind2=" " tag="362"><subfield code="a">Began with May 20, 1987 issue.</subfield></datafield><datafield ind1="0" ind2=" " tag="362"><subfield code="a">-v.11, no. 11 (Dec. 18-31, 1997).</subfield></datafield><datafield ind1=" " ind2=" " tag="500"><subfield code="a">An independent newspaper published every Wednesday for the Denbigh community.</subfield></datafield><datafield ind1=" " ind2=" " tag="500"><subfield code="a">Published in Yorktown, Va. &lt;Jan. 1997&gt;-</subfield></datafield><datafield ind1=" " ind2=" " tag="525"><subfield code="a">Includes supplement called : By the Bay.</subfield></datafield><datafield ind1=" " ind2=" " tag="530"><subfield code="a">Available on microfilm from UMI.</subfield></datafield><datafield ind1=" " ind2="0" tag="651"><subfield code="a">Newport News (Va.)</subfield><subfield code="v">Newspapers.</subfield></datafield><datafield ind1=" " ind2="7" tag="655"><subfield code="a">Newspapers.</subfield><subfield code="2">fast</subfield><subfield code="0">(OCoLC)fst01423814</subfield></datafield><datafield ind1=" " ind2="7" tag="651"><subfield code="a">Virginia</subfield><subfield code="z">Newport News.</subfield><subfield code="2">fast</subfield><subfield code="0">(OCoLC)fst01205348</subfield></datafield><datafield ind1=" " ind2=" " tag="752"><subfield code="a">United States</subfield><subfield code="b">Virginia</subfield><subfield code="d">Newport News.</subfield></datafield><datafield ind1=" " ind2=" " tag="752"><subfield code="a">United States</subfield><subfield code="b">Virginia</subfield><subfield code="c">York</subfield><subfield code="d">Yorktown.</subfield></datafield><datafield ind1="0" ind2="0" tag="785"><subfield code="t">Newport News gazette</subfield><subfield code="w">(DLC)sn 98068066</subfield></datafield></record>